@misc{web,
    author			= {Arduino UNO},
    title			= {Datasheet arduino UNO},
    howpublished	= {Arduino UNO, \url{https://docs.arduino.cc/resources/datasheets/A000066-datasheet.pdf}},
    year			= {2014},
    month			= {julio},
    note			= {Accedido en enero de 2024},
    language        = {spanish},
}